<record><leader>00000cas a2200000 a 4500</leader><controlfield tag="001">21369583</controlfield><controlfield tag="008">900413d18971934iluwr ne      0   a0eng c</controlfield><datafield ind1=" " ind2=" " tag="010"><subfield code="a">sn 90054478 </subfield></datafield><datafield ind1=" " ind2=" " tag="040"><subfield code="a">NVF</subfield><subfield code="b">eng</subfield><subfield code="c">NVF</subfield><subfield code="d">NSD</subfield><subfield code="d">NVF</subfield><subfield code="d">OCLCF</subfield><subfield code="d">OCL</subfield><subfield code="d">OCLCO</subfield></datafield><datafield ind1="1" ind2=" " tag="029"><subfield code="a">AU@</subfield><subfield code="b">000020587099</subfield></datafield><datafield ind1=" " ind2=" " tag="042"><subfield code="a">pcc</subfield></datafield><datafield ind1=" " ind2=" " tag="043"><subfield code="a">n-us-il</subfield></datafield><datafield ind1="0" ind2=" " tag="130"><subfield code="a">Colfax press (Colfax, Ill. : 1897)</subfield></datafield><datafield ind1="1" ind2="4" tag="245"><subfield code="a">The Colfax press.</subfield></datafield><datafield ind1="1" ind2="3" tag="246"><subfield code="a">Colfax press and Cooksville enterprise</subfield><subfield code="f">July 30, 1925-Nov. 15, 1934</subfield></datafield><datafield ind1="1" ind2="3" tag="246"><subfield code="a">Eastern McLean County news</subfield><subfield code="f">June 21-Nov. 15, 1934</subfield></datafield><datafield ind1=" " ind2=" " tag="260"><subfield code="a">Colfax, Ill. :</subfield><subfield code="b">Hawk &amp; Mitchell,</subfield><subfield code="c">1897-1934.</subfield></datafield><datafield ind1=" " ind2=" " tag="300"><subfield code="a">v.</subfield></datafield><datafield ind1=" " ind2=" " tag="310"><subfield code="a">Weekly</subfield></datafield><datafield ind1="0" ind2=" " tag="362"><subfield code="a">Vol. 1, no. 1 (Oct. 15, 1897)-v. 46, no. 15 (Nov. 15, 1934).</subfield></datafield><datafield ind1=" " ind2=" " tag="580"><subfield code="a">Formed by the union of: Colfax leader and: Colfax reporter.</subfield></datafield><datafield ind1=" " ind2="0" tag="651"><subfield code="a">Colfax (Ill.)</subfield><subfield code="v">Newspapers.</subfield></datafield><datafield ind1=" " ind2="0" tag="651"><subfield code="a">Cooksville (Ill.)</subfield><subfield code="v">Newspapers.</subfield></datafield><datafield ind1=" " ind2="0" tag="651"><subfield code="a">McLean County (Ill.)</subfield><subfield code="v">Newspapers.</subfield></datafield><datafield ind1=" " ind2="7" tag="651"><subfield code="a">Illinois</subfield><subfield code="z">Cooksville</subfield><subfield code="2">fast</subfield><subfield code="0">(OCoLC)fst01226035</subfield></datafield><datafield ind1=" " ind2="7" tag="651"><subfield code="a">Illinois</subfield><subfield code="z">Colfax.</subfield><subfield code="2">fast</subfield><subfield code="0">(OCoLC)fst01883809</subfield></datafield><datafield ind1=" " ind2="7" tag="651"><subfield code="a">Illinois</subfield><subfield code="z">McLean County.</subfield><subfield code="2">fast</subfield><subfield code="0">(OCoLC)fst01208904</subfield></datafield><datafield ind1=" " ind2="7" tag="655"><subfield code="a">Newspapers.</subfield><subfield code="2">fast</subfield><subfield code="0">(OCoLC)fst01423814</subfield></datafield><datafield ind1=" " ind2=" " tag="752"><subfield code="a">United States</subfield><subfield code="b">Illinois</subfield><subfield code="c">McLean</subfield><subfield code="d">Colfax.</subfield></datafield><datafield ind1="1" ind2="4" tag="780"><subfield code="t">Colfax leader</subfield><subfield code="w">(DLC)sn 90054473</subfield><subfield code="w">(OCoLC)21369418</subfield></datafield><datafield ind1="1" ind2="4" tag="780"><subfield code="t">Colfax reporter</subfield><subfield code="w">(DLC)sn 90054468</subfield><subfield code="w">(OCoLC)21369898</subfield></datafield><datafield ind1="0" ind2="5" tag="780"><subfield code="t">Cooksville enterprise</subfield><subfield code="w">(DLC)sn 90054453</subfield><subfield code="w">(OCoLC)21369686</subfield></datafield><datafield ind1="0" ind2="0" tag="785"><subfield code="t">Eastern McLean County news</subfield><subfield code="w">(DLC)sn 90054483</subfield><subfield code="w">(OCoLC)21369756</subfield></datafield></record>